@article {yoav_and_pascal,
    author    = "P. Yoav and M. Pascal",
    title     = "Procedural Modeling of Cities",
    year      = "2001",
    month     = "08",
    URL       = "https://doi.org/10.1145/383259.383292",
    DOI       = "10.1145/383259.383292"
}

@ONLINE {cl3ver,
    author    = "Luca Vidotto",
    title     = "3D PRESENTATIONS FROM 3D CITY MODELS GENERATED WITH ESRI CITYENGINE",
    year      = "2014",
    month     = "9",
    day       = "8",
    URL       = "https://www.cl3ver.com/blog/3d-presentations-from-3d-city-models-generated-with-esri-cityengine/"
}
